<record><leader>00000cas a22000007a 4500</leader><controlfield tag="001">12058083</controlfield><controlfield tag="008">850520c19859999wiuwr ne      0    0eng d</controlfield><datafield ind1=" " ind2=" " tag="010"><subfield code="a">sn 85040617 </subfield></datafield><datafield ind1=" " ind2=" " tag="040"><subfield code="a">NPV</subfield><subfield code="b">eng</subfield><subfield code="c">NPV</subfield><subfield code="d">OCLCQ</subfield></datafield><datafield ind1=" " ind2=" " tag="042"><subfield code="a">msc</subfield></datafield><datafield ind1=" " ind2=" " tag="045"><subfield code="a">w8--</subfield></datafield><datafield ind1=" " ind2=" " tag="052"><subfield code="a">4123</subfield><subfield code="b">V5</subfield></datafield><datafield ind1="0" ind2=" " tag="130"><subfield code="a">Vilas County news-review (Eagle River, Wis. : 1985)</subfield></datafield><datafield ind1="1" ind2="0" tag="245"><subfield code="a">Vilas County news-review.</subfield></datafield><datafield ind1=" " ind2=" " tag="260"><subfield code="a">Eagle River, Wis. :</subfield><subfield code="b">Eagle River Publications,</subfield><subfield code="c">1985-</subfield></datafield><datafield ind1=" " ind2=" " tag="300"><subfield code="a">v. :</subfield><subfield code="b">ill.</subfield></datafield><datafield ind1=" " ind2=" " tag="310"><subfield code="a">Weekly</subfield></datafield><datafield ind1="0" ind2=" " tag="362"><subfield code="a">Vol. 101, no. 1 (Apr. 24, 1985)-</subfield></datafield><datafield ind1=" " ind2=" " tag="500"><subfield code="a">Editors: K. Krueger, Apr. 1985-</subfield></datafield><datafield ind1=" " ind2=" " tag="515"><subfield code="a">Supplements accompany some issues.</subfield></datafield><datafield ind1=" " ind2=" " tag="530"><subfield code="a">Available on microfilm from The State Historical Society of Wisconsin.</subfield></datafield><datafield ind1=" " ind2=" " tag="752"><subfield code="a">United States</subfield><subfield code="b">Wisconsin</subfield><subfield code="c">Vilas</subfield><subfield code="d">Eagle River.</subfield></datafield><datafield ind1="0" ind2="0" tag="780"><subfield code="t">Vilas County news-review and Three Lakes news</subfield><subfield code="w">(DLC)sn 85040616</subfield></datafield><datafield ind1="1" ind2=" " tag="029"><subfield code="a">AU@</subfield><subfield code="b">000025802943</subfield></datafield></record>